@STRING{CVPR = {Proceedings of the {IEEE} Conference on Computer Vision and Pattern Recognition ({CVPR})}}

@STRING{ICCV = {Proceedings of the {IEEE} International Conference on Computer Vision ({ICCV})}}

@INPROCEEDINGS{bichsel92simple,
  author = {M. Bichsel and Alex P. Pentland},
  title = {A Simple Algorithm For Shape From Shading},
  booktitle = CVPR,
  year = {1992},
  pages = {459--465},
  url = {citeseer.csail.mit.edu/bichsel92simple.html},
}

@INPROCEEDINGS{dror01statistics,
  author = {Ron O. Dror and Thomas K. Leung and Edward H. Adelson and Alan S. Willsky},
  title = {Statistics of Real-World Illumination},
  booktitle = CVPR,
  year = {2001},
  month = {December},
}

@INPROCEEDINGS{guisser92new,
  author = {Latifa Guisser and René Payrissat and Serge Castan},
  title = {A new {3-D} surface measurement system using a structured light},
  booktitle = CVPR,
  year = {1992},
  pages = {784--786},
  month = {June},
}

@BOOK{horn86robot,
  title = {Robot Vision},
  publisher = {McGraw-Hill Book Company, Cambridge, Massachusetts},
  year = {1986},
  author = {Berthold Klaus Paul Horn},
  note = {MIT Electrical Engineering and Computer Science Series},
}

@INPROCEEDINGS{hougen93estimation,
  author = {Darrel R. Hougen and Narendra Ahuja},
  title = {Estimation Of The Light Source Distribution And Its Use In Integrated Shape Recovery From Stereo And Shading},
  booktitle = ICCV,
  year = {1993},
  pages = {148--155},
}

@INPROCEEDINGS{samaras99coupled,
  author = {Dimitris Samaras and Dimitris Metaxas},
  title = {Coupled Lighting Direction and Shape Estimation from Single Images},
  booktitle = ICCV,
  year = {1999},
  pages = {868--874},
}

@INPROCEEDINGS{sato01stability,
  author = {Imari Sato and Yoichi Sato and Katsushi Ikeuchi},
  title = {Stability Issues in Recovering Illumination Distribution from Brightness in Shadows},
  booktitle = CVPR,
  year = {2001},
  pages = {400--407},
  month = {December},
}

@INPROCEEDINGS{sato99illumination2,
  author = {Imari Sato and Yoichi Sato and Katsushi Ikeuchi},
  title = {Illumination Distribution from Brightness in Shadows: Adaptive Estimation of Illumination Distribution with Unknown Reflectance Properties in Shadow Regions},
  booktitle = ICCV,
  year = {1999},
  pages = {875--882},
  month = {September},
  citeseerurl = {http://citeseer.lcs.mit.edu/sato99illumination.html},
}

@INPROCEEDINGS{sato99illumination1,
  author = {Imari Sato and Yoichi Sato and Katsushi Ikeuchi},
  title = {Illumination Distribution from Shadows},
  booktitle = CVPR,
  year = {1999},
  pages = {306--312},
  month = {June},
}

@ARTICLE{shashua97photometric,
  author = {Amnon Shashua},
  title = {On Photometric Issues in {3D} Visual Recognition from a Single {2D} Image},
  journal = {International Journal of Computer Vision ({IJCV})},
  year = {1997},
  volume = {21},
  pages = {99--122},
  number = {1/2},
}

@STRING{CVPR = {Proceedings of the {IEEE} Conference on Computer Vision and Pattern Recognition ({CVPR})}}

@STRING{ICCV = {Proceedings of the {IEEE} International Conference on Computer Vision ({ICCV})}}

@INPROCEEDINGS{bichsel92simple,
  author = {M. Bichsel and Alex P. Pentland},
  title = {A Simple Algorithm For Shape From Shading},
  booktitle = CVPR,
  year = {1992},
  pages = {459--465},
  url = {citeseer.csail.mit.edu/bichsel92simple.html},
}

@INPROCEEDINGS{dror01statistics,
  author = {Ron O. Dror and Thomas K. Leung and Edward H. Adelson and Alan S. Willsky},
  title = {Statistics of Real-World Illumination},
  booktitle = CVPR,
  year = {2001},
  month = {December},
}

@INPROCEEDINGS{guisser92new,
  author = {Latifa Guisser and René Payrissat and Serge Castan},
  title = {A new {3-D} surface measurement system using a structured light},
  booktitle = CVPR,
  year = {1992},
  pages = {784--786},
  month = {June},
}

@BOOK{horn86robot,
  title = {Robot Vision},
  publisher = {McGraw-Hill Book Company, Cambridge, Massachusetts},
  year = {1986},
  author = {Berthold Klaus Paul Horn},
  note = {MIT Electrical Engineering and Computer Science Series},
}

@INPROCEEDINGS{hougen93estimation,
  author = {Darrel R. Hougen and Narendra Ahuja},
  title = {Estimation Of The Light Source Distribution And Its Use In Integrated Shape Recovery From Stereo And Shading},
  booktitle = ICCV,
  year = {1993},
  pages = {148--155},
}

@INPROCEEDINGS{samaras99coupled,
  author = {Dimitris Samaras and Dimitris Metaxas},
  title = {Coupled Lighting Direction and Shape Estimation from Single Images},
  booktitle = ICCV,
  year = {1999},
  pages = {868--874},
}

@INPROCEEDINGS{sato01stability,
  author = {Imari Sato and Yoichi Sato and Katsushi Ikeuchi},
  title = {Stability Issues in Recovering Illumination Distribution from Brightness in Shadows},
  booktitle = CVPR,
  year = {2001},
  pages = {400--407},
  month = {December},
}

@INPROCEEDINGS{sato99illumination2,
  author = {Imari Sato and Yoichi Sato and Katsushi Ikeuchi},
  title = {Illumination Distribution from Brightness in Shadows: Adaptive Estimation of Illumination Distribution with Unknown Reflectance Properties in Shadow Regions},
  booktitle = ICCV,
  year = {1999},
  pages = {875--882},
  month = {September},
  citeseerurl = {http://citeseer.lcs.mit.edu/sato99illumination.html},
}

@INPROCEEDINGS{sato99illumination1,
  author = {Imari Sato and Yoichi Sato and Katsushi Ikeuchi},
  title = {Illumination Distribution from Shadows},
  booktitle = CVPR,
  year = {1999},
  pages = {306--312},
  month = {June},
}

@ARTICLE{shashua97photometric,
  author = {Amnon Shashua},
  title = {On Photometric Issues in {3D} Visual Recognition from a Single {2D} Image},
  journal = {International Journal of Computer Vision ({IJCV})},
  year = {1997},
  volume = {21},
  pages = {99--122},
  number = {1/2},
}


@book{Menasce:2001:CPW:560806,
 author = {Menasce, Daniel A. and Almeida, Virgilio},
 title = {{Capacity Planning for Web Services: Metrics, Models, and Methods}},
 year = {2001},
 isbn = {0130659037},
 edition = {1st},
 publisher = {Prentice Hall PTR},
 address = {Upper Saddle River, NJ, USA},
} 


@INPROCEEDINGS{4625861, 
author={G. {Teodoro} and D. {Fireman} and D. {Guedes} and W. M. {Jr.} and R. {Ferreira}}, 
booktitle={2008 37th International Conference on Parallel Processing}, 
title={{Achieving Multi-Level Parallelism in the Filter-Labeled Stream Programming Model}}, 
year={2008}, 
volume={}, 
number={}, 
pages={287-294}, 
%keywords={data mining;multiprocessing systems;parallel machines;parallel programming;achieving multilevel parallelism;filter-labeled stream programming model;chip design;multiple processing units;communication networks;intra-machine;application-domain programmers;Anthill programming environment;filter-stream model;inter-machine parallelism;filter run-time environment;higher-level programming abstraction;dual-core machines;quad-core machines;data mining;Eclat;KNN;Parallel processing;Programming;Itemsets;Filtering algorithms;Runtime;Data mining;Process control}, 
%doi={10.1109/ICPP.2008.72}, 
ISSN={0190-3918}, 
month={Sep.},}

@techreport{mpi,
 author = {Forum, Message P},
 title = {MPI: A Message-Passing Interface Standard},
 year = {1994},
 %source = {http://www.ncstrl.org:8900/ncstrl/servlet/search?formname=detail\&id=oai%3Ancstrlh%3Autk_cs%3Ancstrl.utk_cs%2F%2FUT-CS-94-230},
 publisher = {University of Tennessee},
 address = {Knoxville, TN, USA},
} 
[download]

@inproceedings{Douze:2009:EGD:1646396.1646421,
 author = {Douze, Matthijs and J{\'e}gou, Herv{\'e} and Sandhawalia, Harsimrat and Amsaleg, Laurent and Schmid, Cordelia},
 title = {{Evaluation of GIST Descriptors for Web-scale Image Search}},
 booktitle = {Proceedings of the ACM International Conference on Image and Video Retrieval},
 series = {CIVR '09},
 year = {2009},
 isbn = {978-1-60558-480-5},
 location = {Santorini, Fira, Greece},
 pages = {19:1--19:8},
 articleno = {19},
 numpages = {8},
 %url = {http://doi.acm.org/10.1145/1646396.1646421},
 %doi = {10.1145/1646396.1646421},
 acmid = {1646421},
 publisher = {ACM},
 address = {New York, NY, USA},
} 

@ARTICLE{6104058, 
author={H. {Jégou} and F. {Perronnin} and M. {Douze} and J. {Sánchez} and P. {Pérez} and C. {Schmid}}, 
journal={IEEE Transactions on Pattern Analysis and Machine Intelligence}, 
title={{Aggregating Local Image Descriptors into Compact Codes}}, 
year={2012}, 
volume={34}, 
number={9}, 
pages={1704-1716}, 
%doi={10.1109/TPAMI.2011.235}, 
ISSN={0162-8828}, 
month={Sep.},}

@inproceedings{Wan:2014:DLC:2647868.2654948,
 author = {Wan, Ji and Wang, Dayong and Hoi, Steven Chu Hong and Wu, Pengcheng and Zhu, Jianke and Zhang, Yongdong and Li, Jintao},
 title = {{Deep Learning for Content-Based Image Retrieval: A Comprehensive Study}},
 booktitle = {Proceedings of the 22Nd ACM International Conference on Multimedia},
 series = {MM '14},
 year = {2014},
 isbn = {978-1-4503-3063-3},
 location = {Orlando, Florida, USA},
 pages = {157--166},
 numpages = {10},
 %url = {http://doi.acm.org/10.1145/2647868.2654948},
 %doi = {10.1145/2647868.2654948},
 acmid = {2654948},
 publisher = {ACM},
 address = {New York, NY, USA},
 keywords = {content-based image retrieval, convolutional neural networks, deep learning, feature representation},
} 

@InProceedings{10.1007/978-3-319-10584-0_26,
author="Gong, Yunchao
and Wang, Liwei
and Guo, Ruiqi
and Lazebnik, Svetlana",
editor="Fleet, David
and Pajdla, Tomas
and Schiele, Bernt
and Tuytelaars, Tinne",
title="Multi-scale Orderless Pooling of Deep Convolutional Activation Features",
booktitle="Computer Vision -- ECCV 2014",
year="2014",
publisher="Springer International Publishing",
address="Cham",
pages="392--407",
isbn="978-3-319-10584-0"
}

@ARTICLE{Bohm2001322,
author={B\"{o}hm, C. and Berchtold, S. and Keim, D.A.},
title={Searching in high-dimensional spaces - Index structures for improving the performance of multimedia databases},
journal={ACM Computing Surveys},
year={2001},
volume={33},
number={3},
pages={322-373},
%doi={10.1145/502807.502809},
document_type={Article},
source={Scopus},
}

@inproceedings{Weber:1998:QAP:645924.671192,
    author = {Weber, Roger and Schek, Hans-J\"{o}rg and Blott, Stephen},
    title = {{A Quantitative Analysis and Performance Study for Similarity-Search Methods in High-Dimensional Spaces}},
    booktitle = {Proceedings of the 24rd International Conference on Very Large Data Bases},
    series = {VLDB '98},
    year = {1998},
    isbn = {1-55860-566-5},
    pages = {194--205},
    numpages = {12},
    %url = {http://dl.acm.org/citation.cfm?id=645924.671192},
    acmid = {671192},
    publisher = {Morgan Kaufmann Publishers Inc.},
    address = {San Francisco, CA, USA},
} 

@ARTICLE{Friedman1977209,
    author={Friedman, J.H. and Bentley, J.L. and Finkel, R.A.},
    title={{An algorithm for finding best matches in logarithmic expected time}},
    journal={ACM TOMS},
    year={1977},
    volume={3},
    pages={209-226}
}

@CONFERENCE{Muja2009331,
    author={Muja, M. and Lowe, D.G.},
    title={Fast approximate nearest neighbors with automatic algorithm configuration},
    journal={VISAPP 2009 - Proceedings of the 4th International Conference on Computer Vision Theory and Applications},
    year={2009},
    volume={1},
    pages={331-340}
%url={https://www.scopus.com/inward/record.uri?eid=2-s2.0-70349675925&partnerID=40&md5=cd6d7292cc69e03ce04912c754110c2d},
}

@inproceedings{Beygelzimer:2006:CTN:1143844.1143857,
    author = {Beygelzimer, Alina and Kakade, Sham and Langford, John},
     title = {{Cover Trees for Nearest Neighbor}},
    booktitle = {Proceedings of the 23rd International Conference on Machine Learning},
    series = {ICML '06},
    year = {2006},
    isbn = {1-59593-383-2},
    location = {Pittsburgh, Pennsylvania, USA},
    pages = {97--104},
    numpages = {8},
%url = {http://doi.acm.org/10.1145/1143844.1143857},
%doi = {10.1145/1143844.1143857},
%acmid = {1143857},
 publisher = {ACM},
 address = {New York, NY, USA},
} 

@article{UHLMANN1991175,
    title = "Satisfying general proximity / similarity queries with metric trees",
    journal = "Information Processing Letters",
    volume = "40",
    number = "4",
    pages = "175 - 179",
    year = "1991",
    issn = "0020-0190",
%doi = "https://doi.org/10.1016/0020-0190(91)90074-R",
%url = "http://www.sciencedirect.com/science/article/pii/002001909190074R",
    author = "Jeffrey K. Uhlmann"
}

@inproceedings{Indyk:1998:ANN:276698.276876,
    author = {Indyk, Piotr and Motwani, Rajeev},
    title = {{Approximate Nearest Neighbors: Towards Removing the Curse of Dimensionality}},
    booktitle = {Proceedings of the Thirtieth Annual ACM Symposium on Theory of Computing},
    series = {STOC '98},
    year = {1998},
    isbn = {0-89791-962-9},
    location = {Dallas, Texas, USA},
    pages = {604--613},
    numpages = {10},
 %url = {http://doi.acm.org/10.1145/276698.276876},
 %doi = {10.1145/276698.276876},
 %acmid = {276876},
 publisher = {ACM},
 address = {New York, NY, USA},
} 

@inproceedings{Gionis:1999:SSH:645925.671516,
    author = {Gionis, Aristides and Indyk, Piotr and Motwani, Rajeev},
    title = {{Similarity Search in High Dimensions via Hashing}},
    booktitle = {Proceedings of the 25th International Conference on Very Large Data Bases},
    series = {VLDB '99},
    year = {1999},
    isbn = {1-55860-615-7},
    pages = {518--529},
    numpages = {12},
%url = {http://dl.acm.org/citation.cfm?id=645925.671516},
 %acmid = {671516},
 publisher = {Morgan Kaufmann Publishers Inc.},
 address = {San Francisco, CA, USA},
} 

@ARTICLE{5432202, 
    author={H. {Jegou} and M. {Douze} and C. {Schmid}}, 
    journal={IEEE Transactions on Pattern Analysis and Machine Intelligence}, 
    title={{Product Quantization for Nearest Neighbor Search}}, 
    year={2011}, 
    volume={33}, 
    number={1}, 
    pages={117-128}, 
    %doi={10.1109/TPAMI.2010.57}, 
    ISSN={0162-8828}, 
    month={Jan},
    }
    
@incollection{NIPS2009_3864,
    title = {{Rank-Approximate Nearest Neighbor Search: Retaining Meaning and Speed in High Dimensions}},
    author = {Ram, Parikshit and Dongryeol Lee and Hua Ouyang and Alexander G. Gray},
    booktitle = {Advances in Neural Information Processing Systems 22},
    editor = {Y. Bengio and D. Schuurmans and J. D. Lafferty and C. K. I. Williams and A. Culotta},
    pages = {1536--1544},
    year = {2009},
    publisher = {Curran Associates, Inc.},
}

@ARTICLE{6809191, 
    author={M. {Muja} and D. G. {Lowe}}, 
    journal={IEEE Transactions on Pattern Analysis and Machine Intelligence}, 
    title={{Scalable Nearest Neighbor Algorithms for High Dimensional Data}}, 
    year={2014}, 
    volume={36}, 
    number={11}, 
    pages={2227-2240}, 
    %doi={10.1109/TPAMI.2014.2321376}, 
    ISSN={0162-8828}, 
    month={Nov},
}

@inproceedings{TeodoroKKCS14,
  author    = {George Teodoro and
               Tahsin M. Kur{\c{c}} and
               Jun Kong and
               Lee A. D. Cooper and
               Joel H. Saltz},
  title     = {{Comparative Performance Analysis of Intel {(R)} Xeon Phi (TM), GPU,
               and {CPU:} {A} Case Study from Microscopy Image Analysis}},
  booktitle = {2014 {IEEE} 28th International Parallel and Distributed Processing
               Symposium, Phoenix, AZ, USA, May 19-23, 2014},
  pages     = {1063--1072},
  year      = {2014},
  %url       = {https://doi.org/10.1109/IPDPS.2014.111},
  %doi       = {10.1109/IPDPS.2014.111}
}

% the date of access is not appearing, need to fix this
@online{twitter:2014,
  author = {Gabriel Stricker},
  title = {{The 2014 \#YearOnTwitter}},
  year = 2014,
  url = {https://blog.twitter.com/official/en\_us/a/2014/the-2014-yearontwitter.html},
  urldate = {2019-08-26}
}

@online{google-indexed,
  author = {Google},
  title = {{How Search organizes information}},
  url = {https://www.google.com/search/howsearchworks/crawling-indexing},
  urldate = {2019-08-26}
}

@ARTICLE{6915715, 
author={A. {Babenko} and V. {Lempitsky}}, 
journal={IEEE Transactions on Pattern Analysis and Machine Intelligence}, 
title={{The Inverted Multi-Index}}, 
year={2015}, 
volume={37}, 
number={6}, 
pages={1247-1260}, 
keywords={feature extraction;image retrieval;quantisation (signal);search problems;data structure;similarity search;high-dimensional vector;standard quantization;product quantization;retrieval complexity;inverted multi-indices;search space;memory efficiency;SIFT vector;GIST vector;reranking procedure;approximate nearest neighbor search;memory overhead;Vectors;Indexes;Standards;Quantization (signal);Nearest neighbor searches;Accuracy;Computer vision;Image retrieval;Index;Nearest neighbor search;Image retrieval;Index;nearest neighbor search;product quantization}, 
doi={10.1109/TPAMI.2014.2361319}, 
ISSN={0162-8828}, 
month={June},}

@ARTICLE{8733051, 
author={J. {Johnson} and M. {Douze} and H. {Jégou}}, 
journal={IEEE Transactions on Big Data}, 
title={{Billion-scale similarity search with GPUs}}, 
year={2019}, 
volume={}, 
number={}, 
pages={1-1}, 
keywords={Graphics processing units;Quantization (signal);Big Data;Indexing;Task analysis;Random access memory}, 
doi={10.1109/TBDATA.2019.2921572}, 
ISSN={2332-7790}, 
month={},}

@INPROCEEDINGS{6909695, 
author={Y. {Kalantidis} and Y. {Avrithis}}, 
booktitle={2014 IEEE Conference on Computer Vision and Pattern Recognition}, 
title={{Locally Optimized Product Quantization for Approximate Nearest Neighbor Search}}, 
year={2014}, 
volume={}, 
number={}, 
pages={2329-2336}, 
doi={10.1109/CVPR.2014.298}, 
ISSN={1063-6919}, 
month={June},}

@InProceedings{978-3-319-46475-6_48,
    author="Douze, Matthijs and J{\'e}gou, Herv{\'e} and Perronnin, Florent",
editor="Leibe, Bastian
and Matas, Jiri
and Sebe, Nicu
and Welling, Max",
title="Polysemous Codes",
booktitle="Computer Vision -- ECCV 2016",
year="2016",
publisher="Springer International Publishing",
address="Cham",
pages="785--801",
isbn="978-3-319-46475-6"
}

@inproceedings{2398596,
 author = {Bahmani, Bahman and Goel, Ashish and Shinde, Rajendra},
 title = {{Efficient Distributed Locality Sensitive Hashing}},
 booktitle = {Proceedings of the 21st ACM International Conference on Information and Knowledge Management},
 series = {CIKM '12},
 year = {2012},
 isbn = {978-1-4503-1156-4},
 location = {Maui, Hawaii, USA},
 pages = {2174--2178},
 numpages = {5},
 %url = {http://doi.acm.org/10.1145/2396761.2398596},
 %doi = {10.1145/2396761.2398596},
 acmid = {2398596},
 publisher = {ACM},
 address = {New York, NY, USA},
 keywords = {distributed systems, locality sensitive hashing, mapreduce, similarity search},
}

@INPROCEEDINGS{6267877, 
author={L. {Cayton}}, 
booktitle={2012 IEEE 26th International Parallel and Distributed Processing Symposium}, 
title={Accelerating Nearest Neighbor Search on Manycore Systems}, 
year={2012}, 
volume={}, 
number={}, 
pages={402-413}, 
doi={10.1109/IPDPS.2012.45}, 
ISSN={1530-2075}, 
month={May},}

@Article{Krulis2012,
author="Kruli{\v{s}}, Martin
and Skopal, Tom{\'a}{\v{s}}
and Loko{\v{c}}, Jakub
and Beecks, Christian",
title={{Combining CPU and GPU architectures for fast similarity search}},
journal="Distributed and Parallel Databases",
year="2012",
month="Aug",
day="01",
volume="30",
number="3",
pages="179--207",
issn="1573-7578",
%doi="10.1007/s10619-012-7092-4",
%url="https://doi.org/10.1007/s10619-012-7092-4"
}

@inproceedings{2093973.2094002,
 author = {Pan, Jia and Manocha, Dinesh},
 title = {{Fast GPU-based Locality Sensitive Hashing for K-nearest Neighbor Computation}},
 booktitle = {Proceedings of the 19th ACM SIGSPATIAL International Conference on Advances in Geographic Information Systems},
 series = {GIS '11},
 year = {2011},
 isbn = {978-1-4503-1031-4},
 location = {Chicago, Illinois},
 pages = {211--220},
 numpages = {10},
 %url = {http://doi.acm.org/10.1145/2093973.2094002},
 %doi = {10.1145/2093973.2094002},
 acmid = {2094002},
 publisher = {ACM},
 address = {New York, NY, USA},
} 
@INPROCEEDINGS{Stupar10rankreduce,
    author = {Aleksandar Stupar and Sebastian Michel and Ralf Schenkel},
    title = {{RankReduce - processing K-Nearest Neighbor queries on top of MapReduce}},
    booktitle = {In LSDS-IR},
    year = {2010}
}


@Article{Teodoro2014,
author="Teodoro, George and Valle, Eduardo and Mariano, Nathan and Torres, Ricardo and Meira, Wagner and Saltz, Joel H.",
title="Approximate similarity search for online multimedia services on distributed CPU--GPU platforms",
journal="The VLDB Journal",
year="2014",
month="Jun",
day="01",
volume="23",
number="3",
pages="427--448",
issn="0949-877X",
%doi="10.1007/s00778-013-0329-7",
%url="https://doi.org/10.1007/s00778-013-0329-7"
}

@article{ANDRADE201981,
title = "Large-scale parallel similarity search with Product Quantization for online multimedia services",
journal = "Journal of Parallel and Distributed Computing",
volume = "125",
pages = "81 - 92",
year = "2019",
issn = "0743-7315",
author = "Guilherme Andrade and André Fernandes and Jeremias M. Gomes and Renato Ferreira and George Teodoro",
keywords = "Multimedia similarity search, Descriptor indexing, Dynamic parallelism, Product Quantization",
}

@inproceedings{1325958,
 author = {Lv, Qin and Josephson, William and Wang, Zhe and Charikar, Moses and Li, Kai},
 title = {Multi-probe LSH: Efficient Indexing for High-dimensional Similarity Search},
 booktitle = {Proceedings of the 33rd International Conference on Very Large Data Bases},
 series = {VLDB '07},
 year = {2007},
 isbn = {978-1-59593-649-3},
 location = {Vienna, Austria},
 pages = {950--961},
 numpages = {12},
 %url = {http://dl.acm.org/citation.cfm?id=1325851.1325958},
 acmid = {1325958},
 publisher = {VLDB Endowment},
} 

@inproceedings{Moise:2013,
 author = {Moise, Diana and Shestakov, Denis and Gudmundsson, Gylfi and Amsaleg, Laurent},
 title = {{Indexing and Searching 100M Images with Map-reduce}},
 booktitle = {Proceedings of the 3rd ACM Conference on International Conference on Multimedia Retrieval},
 series = {ICMR '13},
 year = {2013},
 isbn = {978-1-4503-2033-7},
 location = {Dallas, Texas, USA},
 pages = {17--24},
 numpages = {8},
 %url = {http://doi.acm.org/10.1145/2461466.2461470},
% doi = {10.1145/2461466.2461470},
 acmid = {2461470},
 publisher = {ACM},
 address = {New York, NY, USA},
 keywords = {hadoop, high-dimensional indexing, map-reduce},
} 

@inproceedings{batcher1968sorting,
  title={Sorting networks and their applications},
  author={Batcher, Kenneth E},
  booktitle={Proceedings of the April 30--May 2, 1968, spring joint computer conference},
  pages={307--314},
  year={1968},
  organization={ACM}
}

@misc{faiss,
  title = {{Faiss:} A library for efficient similarity search and clustering of dense vectors.},
  howpublished = {\url{https://github.com/facebookresearch/faiss}},
  note = {Accessed: 2019-10-3}
}

@INPROCEEDINGS{7780592, 
author={P. {Wieschollek} and O. {Wang} and A. {Sorkine-Hornung} and H. P. A. {Lensch}}, 
booktitle={2016 IEEE Conference on Computer Vision and Pattern Recognition (CVPR)}, 
title={{Efficient Large-Scale Approximate Nearest Neighbor Search on the GPU}}, 
year={2016}, 
volume={}, 
number={}, 
pages={2027-2035}, 
%keywords={computer vision;query processing;trees (mathematics);efficient approximate nearest neighbor search;ANN search;two level product;vector quantization tree;tree traversal;novel highly parallelizable re-ranking method;product quantization tree approach;high dimensional nearest neighbor queries;large scale ANN problems;computer vision;Databases;Graphics processing units;Vector quantization;Computer vision;Nearest neighbor searches;Measurement}, 
%doi={10.1109/CVPR.2016.223}, 
ISSN={1063-6919}, 
month={June},}

@inproceedings{jegou2010aggregating,
  title={Aggregating local descriptors into a compact image representation},
  author={J{\'e}gou, Herv{\'e} and Douze, Matthijs and Schmid, Cordelia and P{\'e}rez, Patrick},
  booktitle={CVPR 2010-23rd IEEE Conference on Computer Vision \& Pattern Recognition},
  pages={3304--3311},
  year={2010},
  organization={IEEE Computer Society}
}

